<?xml version="1.0" encoding="UTF-8"?><collection xmlns="http://www.loc.gov/MARC21/slim"><record><leader>00334nam--2200133-i-4500</leader><controlfield tag="001">000034257</controlfield><controlfield tag="002">20161230</controlfield><controlfield tag="005">20161230201040</controlfield><controlfield tag="008">060222s1000------------r-----000-0-eng-d</controlfield><datafield ind1=" " ind2=" " tag="080"><subfield code="a">536.758</subfield></datafield><datafield ind1=" " ind2=" " tag="100"><subfield code="a">Munster, Arnold</subfield></datafield><datafield ind1=" " ind2=" " tag="245"><subfield code="a">Statistical thermodynamics</subfield></datafield><datafield ind1=" " ind2=" " tag="260"><subfield code="a">Berlin, Springer-verlag, 1969-1974, Viii + 841p</subfield></datafield><datafield ind1=" " ind2=" " tag="852"><subfield code="a">47301</subfield></datafield></record></collection>